<record><leader>00000cas a22000007a 4500</leader><controlfield tag="001">36306344</controlfield><controlfield tag="008">970131d18941905okuwr n       0    0eng d</controlfield><datafield ind1=" " ind2=" " tag="010"><subfield code="a">sn 97064762 </subfield></datafield><datafield ind1=" " ind2=" " tag="040"><subfield code="a">OBN</subfield><subfield code="b">eng</subfield><subfield code="c">OBN</subfield><subfield code="d">OCLCQ</subfield><subfield code="d">OCLCF</subfield><subfield code="d">OCLCO</subfield></datafield><datafield ind1="1" ind2=" " tag="029"><subfield code="a">AU@</subfield><subfield code="b">000013092799</subfield></datafield><datafield ind1=" " ind2=" " tag="042"><subfield code="a">msc</subfield></datafield><datafield ind1=" " ind2=" " tag="043"><subfield code="a">n-us-ok</subfield></datafield><datafield ind1="0" ind2="0" tag="245"><subfield code="a">El Reno weekly globe.</subfield></datafield><datafield ind1="3" ind2=" " tag="246"><subfield code="a">El Reno globe</subfield></datafield><datafield ind1="3" ind2=" " tag="246"><subfield code="a">El Reno weekly globe and bell</subfield></datafield><datafield ind1=" " ind2=" " tag="260"><subfield code="a">El Reno, Canadian County, Okla. :</subfield><subfield code="b">Globe Pub. Co.</subfield></datafield><datafield ind1=" " ind2=" " tag="300"><subfield code="a">v.</subfield></datafield><datafield ind1=" " ind2=" " tag="310"><subfield code="a">Weekly</subfield></datafield><datafield ind1="0" ind2=" " tag="362"><subfield code="a">Vol. 1, no. 1 (Mar. 9, 1894)-v. 12, no. 92 (Dec. 8, 1905).</subfield></datafield><datafield ind1=" " ind2=" " tag="500"><subfield code="a">Published as: El Reno weekly globe and bell, Jan. 9-30, 1903.</subfield></datafield><datafield ind1=" " ind2=" " tag="580"><subfield code="a">Daily eds.: El Reno daily globe, Feb. 24, 1894-&lt;1902&gt;; El Reno daily globe and El Reno evening bell, &lt;1903&gt;-Feb. 11, 1904, and: El Reno daily globe, Feb. 12, 1904-Dec. 8, 1905.</subfield></datafield><datafield ind1=" " ind2=" " tag="588"><subfield code="a">Description based on: Vol. 1, no. 46 (Apr. 19, 1894).</subfield></datafield><datafield ind1=" " ind2="0" tag="651"><subfield code="a">El Reno (Okla.)</subfield><subfield code="v">Newspapers.</subfield></datafield><datafield ind1=" " ind2="0" tag="651"><subfield code="a">Canadian County (Okla.)</subfield><subfield code="v">Newspapers.</subfield></datafield><datafield ind1=" " ind2="7" tag="655"><subfield code="a">Newspapers.</subfield><subfield code="2">fast</subfield><subfield code="0">(OCoLC)fst01423814</subfield></datafield><datafield ind1=" " ind2="7" tag="651"><subfield code="a">Oklahoma</subfield><subfield code="z">Canadian County.</subfield><subfield code="2">fast</subfield><subfield code="0">(OCoLC)fst01210513</subfield></datafield><datafield ind1=" " ind2="7" tag="651"><subfield code="a">Oklahoma</subfield><subfield code="z">El Reno.</subfield><subfield code="2">fast</subfield><subfield code="0">(OCoLC)fst01220925</subfield></datafield><datafield ind1=" " ind2=" " tag="752"><subfield code="a">United States</subfield><subfield code="b">Oklahoma</subfield><subfield code="c">Canadian</subfield><subfield code="d">El Reno.</subfield></datafield><datafield ind1="0" ind2=" " tag="775"><subfield code="t">Reno daily globe (El Reno, Okla. : 1894)</subfield><subfield code="w">(DLC)sn 97064759</subfield><subfield code="w">(OCoLC)36306182</subfield></datafield><datafield ind1="0" ind2=" " tag="775"><subfield code="t">Reno daily globe and El Reno evening bell</subfield><subfield code="w">(DLC)sn 97064760</subfield><subfield code="w">(OCoLC)36306247</subfield></datafield><datafield ind1="0" ind2=" " tag="775"><subfield code="t">Reno daily globe (El Reno, Okla. : 1904)</subfield><subfield code="w">(DLC)sn 97064761</subfield><subfield code="w">(OCoLC)36306288</subfield></datafield><datafield ind1="0" ind2="7" tag="785"><subfield code="t">Reno democrat (El Reno, Okla. : 1894)</subfield><subfield code="w">(DLC)sn 86063938</subfield><subfield code="w">(OCoLC)13748702</subfield></datafield><datafield ind1="0" ind2="7" tag="785"><subfield code="t">Reno democrat and globe</subfield><subfield code="w">(DLC)sn 97064763</subfield><subfield code="w">(OCoLC)36306371</subfield></datafield></record>